<?xml version="1.0" encoding="UTF-8"?><collection xmlns="http://www.loc.gov/MARC21/slim"><record><leader>00588nam--2200217-u-4500</leader><controlfield tag="001">000051786</controlfield><controlfield tag="002">20161230</controlfield><controlfield tag="005">20161230201049</controlfield><controlfield tag="008">081008s1000------------r-----000-0-eng-d</controlfield><datafield ind1=" " ind2=" " tag="020"><subfield code="a">3-540-66574-9</subfield></datafield><datafield ind1=" " ind2=" " tag="040"><subfield code="a">IFIN-HH</subfield></datafield><datafield ind1=" " ind2=" " tag="080"><subfield code="a">53.02:681.3</subfield></datafield><datafield ind1="1" ind2=" " tag="100"><subfield code="a">Kapitaniak, Tomasz</subfield></datafield><datafield ind1="1" ind2="0" tag="245"><subfield code="a">Chaos for Engineers. Theory, Applications, and Control</subfield></datafield><datafield ind1=" " ind2=" " tag="250"><subfield code="a">Second, Revised Edition</subfield></datafield><datafield ind1=" " ind2=" " tag="260"><subfield code="a">Heidelberg</subfield><subfield code="b">Springer</subfield><subfield code="c">2000</subfield></datafield><datafield ind1=" " ind2=" " tag="300"><subfield code="a">142p. and Index</subfield></datafield><datafield ind1=" " ind2="4" tag="650"><subfield code="a">System engineering</subfield></datafield><datafield ind1="1" ind2=" " tag="700"><subfield code="a">Tomasz Kapitaniak</subfield></datafield><datafield ind1=" " ind2=" " tag="852"><subfield code="a">81452</subfield><subfield code="c">517.9</subfield></datafield><datafield ind1=" " ind2=" " tag="CAT"><subfield code="a">Sys</subfield><subfield code="c">20081008</subfield><subfield code="h">132404</subfield></datafield></record></collection>